<record xmlns:xsi="http://www.w3.org/2001/XMLSchema-instance" xmlns="http://www.loc.gov/MARC21/slim" xsi:schemaLocation="http://www.loc.gov/MARC21/slim http://www.loc.gov/standards/marcxml/schema/MARC21slim.xsd">

  <leader>00680nam a2200181   4500</leader>
  <datafield tag="999" ind1=" " ind2=" ">
    <subfield code="c">3510</subfield>
    <subfield code="d">3510</subfield>
  </datafield>
  <controlfield tag="008">180619b2018    mf ||||| |||| 00| | spa d</controlfield>
  <datafield ind2=" " tag="020" ind1=" ">
    <subfield code="a">9786202096799</subfield>
  </datafield>
  <datafield ind2=" " ind1=" " tag="090">
    <subfield code="a">04.02.01</subfield>
    <subfield code="b">2472</subfield>
  </datafield>
  <datafield ind1=" " tag="100" ind2=" ">
    <subfield code="9">3789</subfield>
    <subfield code="a">Tantaleán Odar, Christian Fernando</subfield>
  </datafield>
  <datafield ind1="1" tag="245" ind2="3">
    <subfield code="a">El derecho a la educación y la educación del derecho : Una propuesta curricular a partir de los derechos humanos /</subfield>
    <subfield code="c">Christian Fernando Tantaleán Odar</subfield>
  </datafield>
  <datafield tag="260" ind1=" " ind2=" ">
    <subfield code="a">Beau Bassin, Mauricio :</subfield>
    <subfield code="b">Editorial Académica Española, </subfield>
    <subfield code="c">2018</subfield>
  </datafield>
  <datafield ind2=" " tag="300" ind1=" ">
    <subfield code="a">70 páginas</subfield>
  </datafield>
  <datafield ind2="4" tag="650" ind1="1">
    <subfield code="9">588</subfield>
    <subfield code="a">DERECHOS HUMANOS</subfield>
  </datafield>
  <datafield ind2="4" ind1="1" tag="650">
    <subfield code="9">599</subfield>
    <subfield code="a">DERECHO A LA EDUCACIÓN</subfield>
  </datafield>
  <datafield tag="650" ind1="1" ind2="4">
    <subfield code="9">3790</subfield>
    <subfield code="a">LIBERTAD DE ENSEÑANZA</subfield>
  </datafield>
  <datafield ind2="4" ind1=" " tag="651">
    <subfield code="9">1736</subfield>
    <subfield code="a">PERÚ</subfield>
  </datafield>
  <datafield tag="942" ind1=" " ind2=" ">
    <subfield code="2">z</subfield>
    <subfield code="c">01</subfield>
  </datafield>
</record>